<record xmlns="http://www.loc.gov/MARC21/slim" xmlns:xsi="http://www.w3.org/2001/XMLSchema-instance" xsi:schemaLocation="http://www.loc.gov/MARC21/slim http://www.loc.gov/standards/marcxml/schema/MARC21slim.xsd"><leader>00610cz   2200145n  4500</leader><controlfield tag="001">oca00127609 </controlfield><controlfield tag="005">19940831145754.9</controlfield><controlfield tag="008">771014n| acannaab           |n aaa |||  </controlfield><datafield ind1=" " ind2=" " tag="010"><subfield code="a">n  77011076 </subfield></datafield><datafield ind1=" " ind2=" " tag="040"><subfield code="a">DLC</subfield><subfield code="c">DLC</subfield><subfield code="d">DLC</subfield></datafield><datafield ind1="0" ind2=" " tag="100"><subfield code="a">Arion,</subfield><subfield code="d">fl. 628-625 B.C.</subfield></datafield><datafield ind1=" " ind2=" " tag="670"><subfield code="a">Anderson, J. L. Arion and the dolphins, 1978 (subj.)</subfield><subfield code="b">t.p. (Arion) CIP galley (lived in Corinth)</subfield></datafield><datafield ind1=" " ind2=" " tag="670"><subfield code="a">Oxford class. dict., 1970</subfield><subfield code="b">(Arion; fl. 628-625 B.C.)</subfield></datafield><datafield ind1=" " ind2=" " tag="670"><subfield code="a">Web. biog. dict., 1943</subfield><subfield code="b">(Arion; poet, 7th cent. B.C.; resident at court of Periander, Corinth)</subfield></datafield><datafield ind1=" " ind2=" " tag="670"><subfield code="a">Dict. of univ. biog., 1951</subfield><subfield code="b">(Arion; Greek lyric poet; fl. B.C. 626)</subfield></datafield></record>